<record><leader>00000cas a2200000 a 4500</leader><controlfield tag="001">4949185</controlfield><controlfield tag="008">790510d19511992caucr ne      0   a0eng c</controlfield><datafield ind1=" " ind2=" " tag="010"><subfield code="a">sn 79002806 </subfield></datafield><datafield ind1=" " ind2=" " tag="040"><subfield code="a">NSD</subfield><subfield code="b">eng</subfield><subfield code="c">NSD</subfield><subfield code="d">CNK</subfield><subfield code="d">OCL</subfield><subfield code="d">CNK</subfield><subfield code="d">OCLCQ</subfield><subfield code="d">OCLCF</subfield><subfield code="d">OCLCO</subfield></datafield><datafield ind1=" " ind2=" " tag="012"><subfield code="k">1</subfield><subfield code="m">d</subfield></datafield><datafield ind1="1" ind2=" " tag="022"><subfield code="a">0191-7145</subfield><subfield code="l">0191-7145</subfield><subfield code="2">1</subfield></datafield><datafield ind1="1" ind2=" " tag="029"><subfield code="a">AU@</subfield><subfield code="b">000020287605</subfield></datafield><datafield ind1=" " ind2=" " tag="032"><subfield code="a">131910</subfield><subfield code="b">USPS</subfield></datafield><datafield ind1=" " ind2=" " tag="037"><subfield code="b">Foothill Intercity Newspapers, P.O. Box 869, Arcadia, CA 91006</subfield></datafield><datafield ind1=" " ind2=" " tag="042"><subfield code="a">nsdp</subfield><subfield code="a">pcc</subfield></datafield><datafield ind1=" " ind2="0" tag="222"><subfield code="a">Temple City times</subfield></datafield><datafield ind1="0" ind2="0" tag="245"><subfield code="a">Temple City times.</subfield></datafield><datafield ind1=" " ind2=" " tag="260"><subfield code="a">Temple City, Calif. :</subfield><subfield code="b">Ralph H. Turner,</subfield></datafield><datafield ind1=" " ind2=" " tag="310"><subfield code="a">Semiweekly,</subfield><subfield code="b">Apr. 5, 1964-July 26, 1992</subfield></datafield><datafield ind1=" " ind2=" " tag="321"><subfield code="a">Semiweekly,</subfield><subfield code="b">Sept. 11, 1951-Jan. 22, 1953</subfield></datafield><datafield ind1=" " ind2=" " tag="321"><subfield code="a">Weekly,</subfield><subfield code="b">Jan. 29, 1953-Apr. 2, 1964</subfield></datafield><datafield ind1="0" ind2=" " tag="362"><subfield code="a">Vol. 29, no. 73 (Sept. 11, 1951)-v. 44, no. 60 (July 26, 1992).</subfield></datafield><datafield ind1=" " ind2=" " tag="500"><subfield code="a">"Foothill Inter-City Newspaper."</subfield></datafield><datafield ind1=" " ind2=" " tag="500"><subfield code="a">Publication moved to Arcadia, Calif., Mar. 4, 1990; and to Duarte, Calif., June 25, 1992.</subfield></datafield><datafield ind1=" " ind2=" " tag="515"><subfield code="a">Vol. designation changed from &lt;v. 71, no. 13, Feb. 13, 1992&gt; to &lt;v. 44, no. 15, Feb. 20, 1992&gt;</subfield></datafield><datafield ind1=" " ind2=" " tag="580"><subfield code="a">Merged with: Arcadia tribune; and Duartean and the Duarte dispatch; and Monrovia news-post; to form: Foothill star-tribune.</subfield></datafield><datafield ind1=" " ind2=" " tag="530"><subfield code="a">Master negatives are available for duplication from:</subfield><subfield code="b">California Newspaper Microfilm Archive;</subfield><subfield code="c">positive copies may be purchased by the reel; for further information consult the CNMA at:</subfield><subfield code="u">http://cbsr.ucr.edu</subfield></datafield><datafield ind1=" " ind2="0" tag="651"><subfield code="a">Temple City (Calif.)</subfield><subfield code="v">Newspapers.</subfield></datafield><datafield ind1=" " ind2="7" tag="655"><subfield code="a">Newspapers.</subfield><subfield code="2">fast</subfield><subfield code="0">(OCoLC)fst01423814</subfield></datafield><datafield ind1=" " ind2="7" tag="651"><subfield code="a">California</subfield><subfield code="z">Temple City.</subfield><subfield code="2">fast</subfield><subfield code="0">(OCoLC)fst01218703</subfield></datafield><datafield ind1=" " ind2=" " tag="752"><subfield code="a">United States</subfield><subfield code="b">California</subfield><subfield code="c">Los Angeles</subfield><subfield code="d">Duarte.</subfield></datafield><datafield ind1=" " ind2=" " tag="752"><subfield code="a">United States</subfield><subfield code="b">California</subfield><subfield code="c">Los Angeles</subfield><subfield code="d">Arcadia.</subfield></datafield><datafield ind1=" " ind2=" " tag="752"><subfield code="a">United States</subfield><subfield code="b">California</subfield><subfield code="c">Los Angeles</subfield><subfield code="d">Temple City.</subfield></datafield><datafield ind1="0" ind2="0" tag="780"><subfield code="t">Temple City times and San Gabriel Valley news</subfield><subfield code="w">(DLC)sn 00060265</subfield></datafield><datafield ind1="1" ind2="7" tag="785"><subfield code="t">Arcadia tribune</subfield><subfield code="w">(DLC)sn 96064321</subfield></datafield><datafield ind1="1" ind2="7" tag="785"><subfield code="t">Duartean and the Duarte dispatch</subfield><subfield code="w">(DLC)sn 94051728</subfield></datafield><datafield ind1="1" ind2="7" tag="785"><subfield code="t">Monrovia news-post</subfield><subfield code="w">(DLC)sn 96064507</subfield></datafield><datafield ind1="1" ind2="7" tag="785"><subfield code="t">Foothill star-tribune</subfield><subfield code="w">(DLC)sn 97060482</subfield></datafield></record>